<record><leader>00000cas a2200000Ma 4500</leader><controlfield tag="001">210486161</controlfield><controlfield tag="008">770201d18431858fluwr ne      0    0eng  </controlfield><datafield ind1=" " ind2=" " tag="010"><subfield code="a">sn 83016267 </subfield><subfield code="z">   77640344 </subfield></datafield><datafield ind1=" " ind2=" " tag="040"><subfield code="a">DLC</subfield><subfield code="b">eng</subfield><subfield code="c">AQM</subfield><subfield code="d">OCLCQ</subfield></datafield><datafield ind1="0" ind2=" " tag="130"><subfield code="a">Commercial advertiser (Apalachicola, Fla. : 1843)</subfield></datafield><datafield ind1="1" ind2="0" tag="245"><subfield code="a">Commercial advertiser.</subfield></datafield><datafield ind1=" " ind2=" " tag="260"><subfield code="a">Apalachicola, Fla. :</subfield><subfield code="b">R.A. Domingue &amp; Co.</subfield></datafield><datafield ind1=" " ind2=" " tag="300"><subfield code="a">v. :</subfield><subfield code="b">ill. (chiefly advertisements) ;</subfield><subfield code="c">56 cm.</subfield></datafield><datafield ind1=" " ind2=" " tag="310"><subfield code="a">Weekly</subfield></datafield><datafield ind1="1" ind2=" " tag="362"><subfield code="a">Began with Feb. 4, 1843 issue; ceased in 1858?</subfield></datafield><datafield ind1=" " ind2=" " tag="500"><subfield code="a">Publishers: R.J. Young &amp; R.A. Domingue, 1843; Raymond A. Domingue, 1843; Domingue &amp; Bosworth, 1843; Raymond A. Domingue &amp; Co., 1843; Domingue, Bosworth &amp; Wyman, 1844; R.A. Domingue &amp; J.L. Wyman, 1844-1845; J.F. Bosworth &amp; J.L. Wyman, &lt;1845&gt;; Wyman &amp; Wilson, &lt;1850&gt;; J.L. Wyman, &lt;1853-1856&gt;.</subfield></datafield><datafield ind1=" " ind2=" " tag="500"><subfield code="a">"Libertas, Constituto, Et Nostra Patria."</subfield></datafield><datafield ind1=" " ind2=" " tag="500"><subfield code="a">Editors: H.H. Meals, W.W.B. Crawford, &lt;1845&gt;.</subfield></datafield><datafield ind1=" " ind2=" " tag="530"><subfield code="a">Also issued on microfilm from the University of Florida.</subfield></datafield><datafield ind1=" " ind2=" " tag="588"><subfield code="a">Description based on: Vol. 1, no. 52 (Dec. 25, 1843).</subfield></datafield><datafield ind1=" " ind2="7" tag="655"><subfield code="a">Newspapers.</subfield><subfield code="2">rbgenr</subfield></datafield><datafield ind1="1" ind2=" " tag="700"><subfield code="a">Meals, H. H.</subfield></datafield><datafield ind1="1" ind2=" " tag="700"><subfield code="a">Crawford, W. W. B.</subfield></datafield><datafield ind1=" " ind2=" " tag="752"><subfield code="a">United States</subfield><subfield code="b">Florida</subfield><subfield code="c">Franklin</subfield><subfield code="d">Apalachicola.</subfield></datafield></record>